@book{ex_book,
  title = "Верификация расперделённых систем",
  author = "Карпов, Ю.Г. Шошмина, И.В.",
  publisher = "СПбГПУ",
  year = "2011"
}

@misc{ex_pub,
	title = {{Документация spin}},
	howpublished = {{\url{http://example.com}}},
	note = {{Последняя дата обращения: 8.12.2021}}
}
