@misc{baz,
    author = "А.Н.Баженов,С.И.Жилин,С.И.Кумков,С.П.Шарый",
    title = {Обработка и анализ данных с интервальной неопределённосью},
    howpublished = {"РХД. Cерия «Интервальный анализ и его приложение». Ижевск."},
    year = {2021}
}
@misc{ex,
    author = {С.И. Жилин},
    title = {Примеры анализа интервальных данных в Octave},
    howpublished = "\url{https://github.com/szhilin/octave-interval-examples}",
}
@misc{github,
howpublished = "\url{https://github.com/LanskovNV/poly-master-3/tree/main/interval_analysis/}",
title = {Материалы работы}
}
